%%%tesisupiita Tesis: UPIITA-IPN
%Copyright (C) 2017 Juan Carlos Guzmán Salgado
%% Griselda Sánchez Otero
% ------------------------------------------------------------------------
% SAMPLE BIBLIOGRAPHY FILE
% ------------------------------------------------------------------------

@techreport{SEMARNAT2020,
	title = {Diagn\'ostico B\'asico para la Gesti\'on Integral de los Residuos},
	author = {Secretar\'ia de Medio Ambiente y Recursos Naturales} ,
	address={Ciudad de Mexico},
	year= {2020},
}
@techreport{SEMARNAT2019,
	title = {Informe de la situaci\'on del medio ambiente en M\'exico},
	author = {Secretar\'ia de Medio Ambiente y Recursos Naturales},
	address={Ciudad de M\'exico},
	year= {2019},
}

@BOOK{,
  author =       {},
  editor =       {},
  title =        {},
  publisher =    {},
  year =         {},
  volume =       {},
  number =       {},
  series =       {},
  address =      {},
  edition =      {},
  month =        {},
  note =         {},
  abstract =     {},
  isbn =         {},
  price =        {},
  keywords =     {},
  source =       {},
}

@BOOK{MV20,
	author={Mukesh K. Meghvansi and A. Varma},
	title={Biology of Compost},
	publisher={Springer,Cham},
	year={2020},
}
@INBOOK{CH08,
	author={Joaquin Moreno Casco and Raul Moral Herrero},
	title={Compostaje},
	chapter={El proceso del compostaje},
	publisher={Mundi Prensa Libros},
	year={2008},
}
@misc{TMP,
	title = {Trituradora Primaria},
	howpublished = {\url{http://aimixtrituradora.com/trituradora-primaria/}},
	note = {Accessed: 2021-03-06}
}

@misc{TR30,
	title = {Trituradora serie TR30},
	howpublished = {\url{http://coparm.es/trituradoras/trituradora-serie-tr30/}},
	note = {Accessed: 2021-03-06}
}
@misc{TWK,
	title = {Waste King Disposals},
	howpublished = {\url{https://www.wasteking.com/residential/waste-king}},
	note = {Accessed: 2021-03-06}
}
@article{HD14,
		author = {Ajinkya S. Hande and A. A. Deshpande},
		title = {Methodology For Design and  Fabrication of Portable Organic Waste Chopping Machine To Obtain Compost},
		journal =  {IJIRST (International Journal for Innovative Research in Science \& Technology)},
		volume =   "1",
		number =   "07",
		pages =    "133",
		year =     "2014",
		
}
@article{LS60,
	author = {Thomas L. Saaty},
	title = {Decision making with the analytic hierarchy process},
	journal =  {Int. J. Services Sciences},
	volume =   "1",
	number =   "01",
	pages =    "133",
	year =     "2008",
	
}
@techreport{CR15,
			author ={Aldás Cortez and Edgar Ricardo},
			title ={Sistema de control para m\'aquina trituradora de plantas y desechos org\'anicos para la producci\'on de abono en el sector agr\'icola},
			type= {Trabajo Terminal},
			institution={Universidad T\'ecnica del Norte},
			adress ={Ibarra. Ecuador.},
			year = {2015} ,
}

@techreport{TB15,
	author ={Victor Eduardo Toscano and Franklin Patricio V\'asconez},
	title ={Dise\~{n}o y construcci\'on de un equipo para la reducci\'on de tama\~{n}o de los residuos de poda de la ESPOCH},
	type= {Trabajo Terminal},
	institution={	Escuela Superior Polit\'ecnica de Chimborazo},
	adress ={Riobamba. Ecuador.},
	year = {2015} ,
}

@techreport{CV14,
	author ={Katerine Yessenia Cifuentes and Hugo Marcelo Vega},
	title ={Implementaci\'on de un prototipo de triturador para el aprovechamiento de los residuos s\'olidos org\'anicos de la Parroquia Tena-Provincia Napo},
	type= {Trabajo Terminal},
	institution={	Escuela Superior Polit\'ecnica de Chimborazo},
	adress ={Riobamba. Ecuador.},
	year = {2014} ,
}
@article{MK18,
	author = {Islamiyah, Mufidatul and Kala'lembang, Adriani},
	year = {2018},
	pages = {33-36},
	title = {DESIGN of AUTOMATIC ORGANIC WASTE CRUSHER USING ARDUINO MICROCONTROLLER},
	volume = {1},
	number = {2},
	journal = {JEEMECS (Journal of Electrical Engineering, Mechatronic and Computer Science)},
	
}
@article{MF19,
	author = {Andrianto, M and Fahriansyah, Fahriansyah},
	year = {2019},
	pages = {012009},
	title = {3-D designing of an organic waste crusher},
	volume = {277},
	journal = {IOP Conference Series: Earth and Environmental Science},
}
@article{EV18,
	author = {Vaquera, E. and others},
	year = {2018},
	pages = {71-75},
	title = {Propuesta de dise\~{n}o de una trituradora de desechos org\'anicos para vermicomposta},
	volume = {1},
	number = {4},
	journal = {CID (Ciencia,Ingenier\'ia y Desarrollo)},
}
@article{KK15,
	author = {S. Kumar and H. Kumar},
	year = {2015},
	pages = {164-172},
	title = {Design and development of agricultural waste shredder machine},
	volume = {2},
	number = {10},
	journal = {IJISET (International Journal of Innovative Science, Engineering \& Technology)},
}

@techreport{H15,
	author ={Joram Hernandez},
	title ={Dise\~{n}o de un prototipo de triturador de desechos org\'anicos},
	type= {Trabajo Terminal},
	institution={Universidad Nacional Aut\'onoma de M\'exico},
	adress ={M\'exico},
	year = {2015} ,
}

@manual{SP99,
	author = {Sztern, Daniel and Pravia, Miguel Angel},
	title ={Manual para la elaboraci\'on de compost: bases conceptuales y procedimientos},
	organization = {Organizaci\'on Panamericana de la Salud (OPS)},
	address = {Montevideo},
	year = {1999}
}
@Book{N95,
	author = {Jose Navarro and others},
	title = {Residuos org\'anicos y agricultura},
	publisher = {Universitat d'Alacant},
	year = 1995,
}

@Book{W56,
	author = {N. Waganoff},
	title = {Trituraci\'on, molienda y separaci\'on de minerales.},
	publisher = {Alsina},
	year = 1956,
}
@manual{MN08,
	author = {},
	title ={Manual de trituraci\'on y Cribado},
	organization = {Metso Minerals},
	address = {Finlandia},
	year = {2008}
}


@article{FBS09,
	author = {Dehoff, Bryan and others},
	year = {2009},
	title = {The Functional Breakdown Structure (FBS) and Its Relationship to Life Cycle Cost},
	doi = {10.2514/6.2009-5344}
}
@article{DC93,
	author = {Department of Commerce},
	year = {1993},
	title = {Draft federal information processing standards publication
	183: Announcing the standard for integration definition for function modeling
	(idef0)},
}
@article{FB85,
	author = {Funke, D. and Bachert, R.},
	year = {1985},
	title = {IDEF-0, A Tool for planning and problem solving},
	volume = {29},
	number = {6},
	journal = {	Proceedings of the Human Factors and Ergonomics Society Annual Meeting},
}
@Book{MB08,
	author = {Dennis M. Buede},
	title = {The Engineering Design of Systems: Models and Methods},
	publisher = {Wiley-Vch},
	year = 2008,
}
@PHDTHESIS{DF18,
	author = {Diego Alonso Flores Hern\'andez},
	title = {Design methodology for mechatronic systems: A functional approach},
	school = {Centro de Innovaci\'on y Desarrollo Tecnol\'ogico en C\'omputo},
	year = {2018}

}
@article{SO07,
	author = {Seidner, Charlotte and Roux, Olivier},
	year = {2007},
	month = {11},
	pages = {},
	title = {On the formal verification of EFFBD models using a structural translation to time Petri nets}
}
@article{TR02,
	author = {Tom Ritchey},
	year = {2002},
	title = {General Morphological Analysis: A general method for non-quantified modelling}
	journal = {Swedish Morphological Society},
}
@article{TS08,
	author = {	Saaty, Thomas L.},
	year = {2008},
	title = {Decision making with the analytic hierarchy process},
	volume = {1},
	number = {1},
	journal = {	International Journal of Services Sciences},
}
@techreport{JG97,
	author ={Jose Luis Gonzalez Blanco},
	title ={Dise\~{n}o de una cizalla hidr\'aulica para corte de varilla de contrucci\'on},
	type= {Trabajo Terminal},
	institution={Universidad Aut\'onoma de Occidente},
	adress ={Santiago de Cali. Colombia.},
	year = {1997} ,
}
@techreport{DC11,
	author ={Darwin Bladimir Cajas Arguero},
	title ={Dise\~{n}o de un triturador pulverizador de estopa de coco para la producci\'on de sustrato granulado},
	type= {Trabajo Terminal},
	institution={Escuela Polit\'ecnica Nacional},
	adress ={Quito. Ecuador.},
	year = {2011} ,
}
@Book{MA11,
	author = {Michael F. Ashby},
	title = {Materials Selection in Mechanical Design},
	publisher = {Elsevier},
	year = 2011,
	edition = {Fourth}
}
@techreport{LS19,
	author ={Lonny Fernando L\'opez Jibala and Bernab\'e Sebastian Vintimilla Espinosa},
	title ={Dise\~{n}o y Construcci\'on de una m\'aquina cortadora de manzanas, plat\'anos, pi\~{n}a y papaya con dimensiones de 40cm x 40cmx 150cm.},
	type= {Trabajo Terminal},
	institution={Universidad Polit\'ecnica Salesiana Sede Quito},
	adress ={Quito,Ecuador},
	year = {2019} ,
}
@techreport{FJ15,
	author ={Fab\'ian Alberto Cuadros Cely and Jorge Andr\'es Rodr\'iguez Mur},
	title ={Dise\~{n}o de una m\'aquina autom\'atica para picar verduras},
	type= {Trabajo Terminal},
	institution={Universidad de la Salle},
	adress ={B\'ogota, Colombia},
	year = {2015} ,
}
@techreport{DP16,
	author ={Danilo Sebast\'ian Caiza and Pa'ul Alejandro Sangu\~{n}a V\'asconez},
	title ={Dise\~{n}o y Construcci\'on de una m\'aquina para realizar cortes de alimentos en formas	variadas con capacidad de 20Kg/h, con dosificaci\'on controlada destinada a la industria alimenticia},
	type= {Trabajo Terminal},
	institution={Universidad Polit\'ecnica Salesiana Sede Quito},
	adress ={Quito,Ecuador},
	year = {2016} ,
}

@techreport{MC12,
	author ={Mario Alberto Armenta Ram\'irez and C\'esar Uribe Aranda},
	title ={Prototipo de sistema mecatr\'onico para el triturado y lavado de latas de aluminio},
	type= {Trabajo Terminal},
	institution={Instituto Polit\'ecnico Nacional},
	adress ={CDMX,M\'exico},
	year = {2012} ,
}

@techreport{AR17,
	author ={Maria Jose Albuja Ayala and Freddy Bryan Riera Maldonado},
	title ={An\'alisis de fallas y modelado virtual de cuchillas utilizadas en maquinaria de mecanizaci\'on agr\'icola},
	type= {Trabajo Terminal},
	institution={Escuela Superior Polit\'ecnica de Litoral},
	adress ={Guayaquil,Ecuador},
	year = {2017} ,
}

@Book{RM06,
	author = {Robert L. Mott},
	title = {Dise\~{n}o de elementos de m\'aquinas},
	publisher = {Pearson},
	year = {2006},
	edition = {Cuarta}
}

@Book{VM90,
	author = {Virgil Moring Faires},
	title = {Dise\~{n}o de elementos de m\'aquinas},
	publisher = {Montaner y Simon S.A},
	year = {1990},
	edition = {Cuarta}
}

% ------------------------------------------------------------------------
